<?xml version="1.0" encoding="UTF-8"?><collection xmlns="http://www.loc.gov/MARC21/slim"><record><leader>00876nam--2200169-i-4500</leader><controlfield tag="001">000001332</controlfield><controlfield tag="002">20161230</controlfield><controlfield tag="005">20161230201024</controlfield><controlfield tag="008">060222s1000------------r-----000-0-eng-d</controlfield><datafield ind1=" " ind2=" " tag="040"><subfield code="a">IFIN-HH</subfield></datafield><datafield ind1=" " ind2=" " tag="080"><subfield code="a">534.3</subfield></datafield><datafield ind1="1" ind2=" " tag="100"><subfield code="a">Helmholtz, Hermann L.F</subfield></datafield><datafield ind1="1" ind2="0" tag="245"><subfield code="a">On the sensations og tone as physiologie cal basis for the theory of music</subfield><subfield code="b">The second english edition, translatedthoroughly revised and corrected, rendered conformal to the fourth (and last) german edition of 1877, with numerous additional notes and a new additional appendix bringing down information to 1885, and especially adapTED TO THE USE OF MUSICS STUDENTS BY ALEXANDER J. ELLIS. WITH A NEW INTRODUCTION (1954) BY H. MARGENAU</subfield><subfield code="c">Hermann l.f. helmholtz</subfield></datafield><datafield ind1=" " ind2=" " tag="260"><subfield code="a">New York, Dover Publications, Inc., 1954</subfield></datafield><datafield ind1=" " ind2=" " tag="300"><subfield code="a">XX + 576 P. CU FIG. + 1 PORTR</subfield></datafield><datafield ind1=" " ind2=" " tag="852"><subfield code="a">12196</subfield><subfield code="c">534</subfield></datafield><datafield ind1=" " ind2=" " tag="CAT"><subfield code="a">Sys</subfield><subfield code="c">20101006</subfield><subfield code="h">144406</subfield></datafield></record></collection>